<record><leader>00000cas a22000007a 4500</leader><controlfield tag="001">17559323</controlfield><controlfield tag="008">880301d190519uuohudn ne      0    0eng d</controlfield><datafield ind1=" " ind2=" " tag="010"><subfield code="a">sn 88077282 </subfield></datafield><datafield ind1=" " ind2=" " tag="040"><subfield code="a">ONP</subfield><subfield code="b">eng</subfield><subfield code="c">ONP</subfield><subfield code="d">OCL</subfield><subfield code="d">OCLCQ</subfield></datafield><datafield ind1=" " ind2=" " tag="042"><subfield code="a">msc</subfield></datafield><datafield ind1="0" ind2="0" tag="245"><subfield code="a">Daily register-herald.</subfield></datafield><datafield ind1=" " ind2=" " tag="260"><subfield code="a">Eaton, Ohio :</subfield><subfield code="b">Register-Herald Co.</subfield></datafield><datafield ind1=" " ind2=" " tag="310"><subfield code="a">Daily (during Preble County Fair)</subfield></datafield><datafield ind1="1" ind2=" " tag="362"><subfield code="a">Began in 1905?</subfield></datafield><datafield ind1=" " ind2=" " tag="500"><subfield code="a">Issued each year during the Preble County Fair.</subfield></datafield><datafield ind1=" " ind2=" " tag="580"><subfield code="a">Weekly ed. Register-herald (Eaton, Ohio).</subfield></datafield><datafield ind1=" " ind2=" " tag="588"><subfield code="a">Description based on: Vol. 23, no. 1 (Sept. 9, 1928).</subfield></datafield><datafield ind1=" " ind2=" " tag="752"><subfield code="a">United States</subfield><subfield code="b">Ohio</subfield><subfield code="c">Preble</subfield><subfield code="d">Eaton.</subfield></datafield><datafield ind1="1" ind2=" " tag="775"><subfield code="t">Register-herald (Eaton, Ohio)</subfield><subfield code="w">(DLC)sn 84028568</subfield></datafield></record>